@online{arkit-doku,
author = {{Apple Inc.}},
title = {{ARKit} Framework Documentation},
year = {2018},
urldate = {01.03.2018}, 
url = {https://developer.apple.com/documentation/arkit}
}

@book{bezeichnung,
  title={Titel},
  author={Autor},
  year={2016}
}

